<record><leader>00000cas a2200000 a 4500</leader><controlfield tag="001">794992105</controlfield><controlfield tag="006">m     o  d        </controlfield><controlfield tag="007">cr |||||||||||</controlfield><controlfield tag="008">120608d19071910tnudr neo     0    0eng c</controlfield><datafield ind1=" " ind2=" " tag="010"><subfield code="a">  2012263144</subfield></datafield><datafield ind1=" " ind2=" " tag="040"><subfield code="a">TXA</subfield><subfield code="b">eng</subfield><subfield code="c">TXA</subfield><subfield code="d">TXA</subfield><subfield code="d">OCLCA</subfield><subfield code="d">OCLCF</subfield><subfield code="d">OCLCQ</subfield></datafield><datafield ind1=" " ind2=" " tag="037"><subfield code="b">ProQuest, LLC, 789 E. Eisenhower Parkway, Ann Arbor, MI 48106-1346</subfield></datafield><datafield ind1=" " ind2=" " tag="042"><subfield code="a">pcc</subfield></datafield><datafield ind1=" " ind2=" " tag="043"><subfield code="a">n-us-tn</subfield></datafield><datafield ind1="0" ind2=" " tag="130"><subfield code="a">Nashville Tennessean (Nashville, Tenn. : 1907)</subfield></datafield><datafield ind1="1" ind2="0" tag="245"><subfield code="a">Nashville Tennessean.</subfield></datafield><datafield ind1=" " ind2=" " tag="260"><subfield code="a">Nashville, Tenn. :</subfield><subfield code="b">Tennessean Co.</subfield></datafield><datafield ind1=" " ind2=" " tag="310"><subfield code="a">Daily</subfield></datafield><datafield ind1=" " ind2=" " tag="336"><subfield code="a">text</subfield><subfield code="b">txt</subfield><subfield code="2">rdacontent</subfield></datafield><datafield ind1=" " ind2=" " tag="337"><subfield code="a">computer</subfield><subfield code="b">c</subfield><subfield code="2">rdamedia</subfield></datafield><datafield ind1=" " ind2=" " tag="338"><subfield code="a">online resource</subfield><subfield code="b">cr</subfield><subfield code="2">rdacarrier</subfield></datafield><datafield ind1="1" ind2=" " tag="362"><subfield code="a">Bgan with: Vol. 1 (May 12, 1907); ceased with: Vol. 4, no. 137 (Sept. 25, 1910).</subfield></datafield><datafield ind1=" " ind2=" " tag="580"><subfield code="a">Merged with: Nashville American (Nashville, Tenn. : 1894 : Daily), to form: Nashville Tennessean and the Nashville American.</subfield></datafield><datafield ind1=" " ind2=" " tag="588"><subfield code="a">Description based on: Vol. 1 (May 12, 1907); title from PDF p. 1 banner (ProQuest, viewed June 7, 2012).</subfield></datafield><datafield ind1=" " ind2=" " tag="588"><subfield code="a">Latest issue consulted: Vol. 4, no. 137 (Sept. 25, 1910) (ProQuest, viewed June 7, 2012).</subfield></datafield><datafield ind1=" " ind2="0" tag="651"><subfield code="a">Davidson County (Tenn.)</subfield><subfield code="v">Newspapers.</subfield></datafield><datafield ind1=" " ind2="0" tag="651"><subfield code="a">Nashville (Tenn.)</subfield><subfield code="v">Newspapers.</subfield></datafield><datafield ind1=" " ind2="7" tag="651"><subfield code="a">Tennessee</subfield><subfield code="z">Davidson County.</subfield><subfield code="2">fast</subfield><subfield code="0">(OCoLC)fst01205346</subfield></datafield><datafield ind1=" " ind2="7" tag="651"><subfield code="a">Tennessee</subfield><subfield code="z">Nashville.</subfield><subfield code="2">fast</subfield><subfield code="0">(OCoLC)fst01204195</subfield></datafield><datafield ind1=" " ind2="7" tag="655"><subfield code="a">Newspapers.</subfield><subfield code="2">fast</subfield><subfield code="0">(OCoLC)fst01423814</subfield></datafield><datafield ind1=" " ind2=" " tag="752"><subfield code="a">United States</subfield><subfield code="b">Tennessee</subfield><subfield code="c">Davidson</subfield><subfield code="d">Nashville.</subfield></datafield><datafield ind1="0" ind2="8" tag="776"><subfield code="i">Print version:</subfield><subfield code="t">Nashville Tennessean (Nashville, Tenn. : 1907)</subfield><subfield code="w">(DLC)sn 89058331</subfield><subfield code="w">(OCoLC)19273692</subfield></datafield><datafield ind1="1" ind2="7" tag="785"><subfield code="t">Nashville American (Nashville, Tenn. : 1894 : Daily)</subfield><subfield code="w">(DLC)  2012263145</subfield><subfield code="w">(OCoLC)794992072</subfield></datafield><datafield ind1="1" ind2="7" tag="785"><subfield code="t">Nashville Tennessean and the Nashville American</subfield><subfield code="w">(DLC)  2012263149</subfield><subfield code="w">(OCoLC)794992279</subfield></datafield><datafield ind1="4" ind2="0" tag="856"><subfield code="u">http://search.proquest.com/hnpnashvilletennessean/publicationbrowse/Main/</subfield></datafield></record>